<record><leader>00000cas a22000007a 4500</leader><controlfield tag="001">15681708</controlfield><controlfield tag="008">870513d18741876iauwr ne      0    0eng d</controlfield><datafield ind1=" " ind2=" " tag="010"><subfield code="a">sn 87058226 </subfield></datafield><datafield ind1=" " ind2=" " tag="040"><subfield code="a">INP</subfield><subfield code="b">eng</subfield><subfield code="c">INP</subfield><subfield code="d">OCLCQ</subfield></datafield><datafield ind1=" " ind2=" " tag="042"><subfield code="a">msc</subfield></datafield><datafield ind1="0" ind2="0" tag="245"><subfield code="a">Wilton exponent.</subfield></datafield><datafield ind1=" " ind2=" " tag="260"><subfield code="a">Wilton, Muscatine Co., Iowa :</subfield><subfield code="b">J.M. Rider &amp; Co.,</subfield><subfield code="c">1874-1876.</subfield></datafield><datafield ind1=" " ind2=" " tag="300"><subfield code="a">2 v.</subfield></datafield><datafield ind1=" " ind2=" " tag="310"><subfield code="a">Weekly</subfield></datafield><datafield ind1="0" ind2=" " tag="362"><subfield code="a">Vol. 1, no. 1 (Aug. 21, 1874)-v. 2, no. 30 (Mar. 10, 1876).</subfield></datafield><datafield ind1=" " ind2=" " tag="752"><subfield code="a">United States</subfield><subfield code="b">Iowa</subfield><subfield code="c">Muscatine</subfield><subfield code="d">Wilton.</subfield></datafield><datafield ind1="0" ind2="7" tag="785"><subfield code="t">Wilton herald (Wilton, Iowa : 1874)</subfield><subfield code="w">(DLC)sn 87058225</subfield></datafield><datafield ind1="0" ind2="7" tag="785"><subfield code="t">Wilton review</subfield><subfield code="w">(DLC)sn 84038606</subfield></datafield></record>